@misc{labsECom,
  title = {{Guias de Laboratório de Electrónica de Computadores}},
  author = "{Electrónica de Computadores, DEEC, IST}",
  year = {2010--2014}
}