@manual{bib:s3datasheet,
  title = "Spartan-3 FPGA Family Data Sheet",
  year = "2013",
  edition = "3.1",
  organization = "Xilinx\textregistered"
}

@manual{bib:microblaze,
  title = "MicroBlaze Processor Reference Guide",
  year = "2008",
  edition = "9.0",
  organization = "Xilinx\textregistered"
}